@inproceedings{isaacman10,
  author    = {Sibren Isaacman and
               Richard A. Becker and
               Ram{\'o}n C{\'a}ceres and
               Stephen G. Kobourov and
               James Rowland and
               Alexander Varshavsky},
  title     = {A tale of two cities},
  booktitle = {HotMobile},
  year      = {2010},
  pages     = {19--24},
}

@inproceedings{HiranoT05,
  author    = {Shoji Hirano and
               Shusaku Tsumoto},
  title     = {A Clustering Method for Spatio-temporal Data and Its Application
               to Soccer Game Records},
  booktitle = {RSFDGrC (1)},
  year      = {2005},
  pages     = {612-621},
  ee        = {http://dx.doi.org/10.1007/11548669_63},
  crossref  = {DBLP:conf/rsfdgrc/2005-1},
  bibsource = {DBLP, http://dblp.uni-trier.de}
}
@book{durbin1998biological,
  title={Biological Sequence Analysis: Probabilistic Models of Proteins and Nucleic Acids},
  author={Durbin, R.},
  isbn={9780521629713},
  lccn={97046769},
  url={http://books.google.co.il/books?id=R5P2GlJvigQC},
  year={1998},
  publisher={Cambridge University Press}
}

@book{samet06,
  title={Foundations of Multidimensional And Metric Data Structures},
  author={Samet, H.},
  series={Morgan Kaufmann},
  year={2006},
  publisher={Elsevier}
}

@article{ants,
  author    = {Livio De La Cruz and Stephen G. Kobourov and Sergey Pupyrev and Paul Shen and Sankar Veeramoni},
  title     = {AngryAnts: An Approach for Accurate Average Trajectories using Citizen Science},
  journal   = {CoRR},
  volume    = {abs/1212.0935},
  year      = {2013}
}


@article{driemel2012approximating,
  title={Approximating the {F}r{\'e}chet distance for realistic curves in near linear time},
  author={Driemel, Anne and Har-Peled, Sariel and Wenk, Carola},
  journal={Discrete \& Computational Geometry},
  volume={48},
  number={1},
  pages={94--127},
  year={2012},
  publisher={Springer}
}

@inproceedings{agarwal2012computing,
  title={Computing the Discrete {F}r{\'e}chet Distance in Subquadratic Time},
  author={Agarwal, Pankaj K and Avraham, Rinat Ben and Kaplan, Haim and Sharir, Micha},
  booktitle     = {24th ACM-SIAM Symposium on Discrete Algorithms},
  year      = {2013},
  pages     = {156--167},
}

@article{buchin2010median,
year={2013},
journal={Algorithmica},
volume={66},
number={3},
title={Median Trajectories},
author={Buchin, Kevin and Buchin, Maike and Kreveld, Marc and Lï¿½ffler, Maarten and Silveira, RodrigoI. and Wenk, Carola and Wiratma, Lionov},
pages={595-614},
}



@INPROCEEDINGS{ming2007protein,
    author = {Minghui Jiang and Ying Xu and Binhai Zhu},
    title = {Protein structure-structure alignment with discrete {F}r{\'e}chet distance},
    booktitle = {5th Asia-Pacific Bioinform. Conference},
    year = {2007},
    pages = {131--141}
}

@inproceedings{alt2003matching,
  title={Matching planar maps},
  author={Alt, Helmut and Efrat, Alon and Rote, G{\"u}nter and Wenk, Carola},
  booktitle={14th Annual ACM-SIAM Symposium on Discrete Algorithms},
  pages={589--598},
  year={2003}
}
@inproceedings{brakatsoulas2005map,
  title={On map-matching vehicle tracking data},
  author={Brakatsoulas, Sotiris and Pfoser, Dieter and Salas, Randall and Wenk, Carola},
  booktitle={31st International Conference on Very Large Data Bases},
  pages={853--864},
  year={2005}
}

@article{alt1995computing,
  title={Computing the {F}r{\'e}chet distance between two polygonal curves},
  author={Alt, Helmut and Godau, Michael},
  journal={International J. of Computational Geometry \& Applications},
  volume={5},
  number={1-2},
  pages={75--91},
  year={1995},
  publisher={World Scientific}
}
@inproceedings{zhang2006comparison,
  title={Comparison of similarity measures for trajectory clustering in outdoor surveillance scenes},
  author={Zhang, Zhang and Huang, Kaiqi and Tan, Tieniu},
  booktitle={18th International Conference on Pattern Recognition},
  volume={3},
  pages={1135--1138},
  year={2006},
}

@inproceedings{chen2001discovering,
  title={Discovering similar time-series patterns with fuzzy clustering and DTW methods},
  author={Chen, Guoqing and Wei, Qiang and Zhang, Hong},
  booktitle={Joint 9th IFSA World Congress and 20th NAFIPS International Conference},
  volume={4},
  pages={2160--2164},
  year={2001}
}

@article{efrat2007curve,
  title={Curve matching, time warping, and light fields: New algorithms for computing similarity between curves},
  author={Efrat, Alon and Fan, Quanfu and Venkatasubramanian, Suresh},
  journal={Journal of Mathematical Imaging and Vision},
  volume={27},
  number={3},
  pages={203--216},
  year={2007},
  publisher={Springer}
}


@inproceedings{gaffney1999trajectory,
  title={Trajectory clustering with mixtures of regression models},
  author={Gaffney, Scott and Smyth, Padhraic},
  booktitle={5th ACM SIGKDD International Conference on Knowledge Discovery and Data Mining},
  pages={63--72},
  year={1999},
  organization={ACM}
}

@inproceedings{li2006coarse,
  title={A coarse-to-fine strategy for vehicle motion trajectory clustering},
  author={Li, Xi and Hu, Weiming and Hu, Wei},
  booktitle={18th International Conference on Pattern Recognition},
  volume={1},
  pages={591--594},
  year={2006},
  organization={IEEE}
}

@article {hung,
author = {Kuhn, H. W.},
title = {The {H}ungarian method for the assignment problem},
journal = {Naval Research Logistics Quarterly},
volume = {2},
number = {1-2},
publisher = {Wiley Subscription Services, Inc., A Wiley Company},
pages = {83--97},
year = {1955},
}

@article{flow,
    author = {Ford, L. R. and Fulkerson, D. R.},
    journal = {Canadian Journal of Mathematics},
    pages = {399--404},
    title = {Maximal Flow through a Network},
    volume = {8}
}

@article{DTW-old,
  title={Curve matching, time warping, and light fields: New algorithms for computing similarity between curves},
  author={Efrat, Alon and Fan, Quanfu and Venkatasubramanian, Suresh},
  journal={Journal of Mathematical Imaging and Vision},
  volume={27},
  number={3},
  pages={203--216},
  year={2007},
  publisher={Springer}
}

@article{din,
    author = {Dinic, E. A.},
    journal = {Soviet Math Doklady},
    keywords = {maxflow-mincut},
    pages = {1277--1280},
    title = {Algorithm for Solution of a Problem of Maximum Flow in a Network with Power Estimation},
    volume = {11},
    year = {1970}
}

@inproceedings{DBLP:conf/cvpr/MorrisB08,
  author    = {Scott Morris and
               Kobus Barnard},
  title     = {Finding trails},
  booktitle = {IEEE Conference on Computer Vision and Pattern Recognition},
  year      = {2008},
  pages = {1--8},
}

@ARTICLE{5779709,
author={Nguyen, N.H. and Keller, S. and Norris, E. and Huynh, T.T. and Clemens, M.G. and Shin, M.C.},
journal={IEEE Trans.~on Biomedical Engineering},
title={Tracking Colliding Cells In Vivo Microscopy},
year={2011},
volume={58},
number={8},
pages={2391--2400},
}

@INPROCEEDINGS{5711555,
author={Fletcher, M. and Dornhaus, A. and Shin, M.C.},
booktitle={WACV'11},
title={Multiple ant tracking with global foreground maximization and variable target proposal distribution},
year={2011},
pages={570--576},
}


@article{buchin11,
  author    = {Kevin Buchin and
               Maike Buchin and
               Joachim Gudmundsson and
               Maarten L{\"o}ffler and
               Jun Luo},
  title     = {Detecting Commuting Patterns by Clustering Subtrajectories},
  journal   = {International J. of Computational Geometry \& Applications},
  volume    = {21},
  number    = {3},
  year      = {2011},
  pages     = {253--282},
}

@inproceedings{DBLP:conf/gis/TrajcevskiDSTV07,
  author    = {Goce Trajcevski and
               Hui Ding and
               Peter Scheuermann and
               Roberto Tamassia and
               Dennis Vaccaro},
  title     = {Dynamics-aware similarity of moving objects trajectories},
  booktitle = {ACM-GIS'07},
  year      = {2007},
  pages     = {1--8},
}

@ARTICLE{Efrat01,
    author = {Alon Efrat and Alon Itai and Matthew J. Katz},
    title = {Geometry helps in bottleneck matching and related problems},
    journal = {Algorithmica},
    year = {2001},
    number    = {1},
    volume = {31},
    pages = {1--28}
}

@article{matching,
author = {Hopcroft, J. and Karp, R.},
title = {An $n^{5/2} $ Algorithm for Maximum Matchings in Bipartite Graphs},
journal = {SIAM Journal on Computing},
volume = {2},
number = {4},
pages = {225--231},
year = {1973},
}

@inproceedings{Sankar2013,
 author = {Sankararaman, Swaminathan and Agarwal, Pankaj K. and M{\o}lhave, Thomas and Pan, Jiangwei and Boedihardjo, Arnold P.},
 title = {Model-driven Matching and Segmentation of Trajectories},
 booktitle = {Proceedings of the 21st ACM SIGSPATIAL International Conference on Advances in Geographic Information Systems},
 series = {SIGSPATIAL'13},
 year = {2013},
 isbn = {978-1-4503-2521-9},
 location = {Orlando, Florida},
 pages = {234--243},
 numpages = {10},
 url = {http://doi.acm.org/10.1145/2525314.2525360},
 doi = {10.1145/2525314.2525360},
 acmid = {2525360},
 publisher = {ACM},
 address = {New York, NY, USA},
 keywords = {GPS trajectories, trajectory matching, trajectory segmentation},
}

@INPROCEEDINGS{Lee07trajectoryclustering,
    author = {Jae-gil Lee and Jiawei Han and Kyu-Young Whang},
    title = {Trajectory Clustering: A Partition-and-Group Framework},
    booktitle = {In SIGMOD},
    year = {2007},
    pages = {593--604}
}

@inproceedings{Chen2013,
 author = {Chen, Chen and Su, Hao and Huang, Qixing and Zhang, Lin and Guibas, Leonidas},
 title = {Pathlet Learning for Compressing and Planning Trajectories},
 booktitle = {Proceedings of the 21st ACM SIGSPATIAL International Conference on Advances in Geographic Information Systems},
 series = {SIGSPATIAL'13},
 year = {2013},
 isbn = {978-1-4503-2521-9},
 location = {Orlando, Florida},
 pages = {392--395},
 numpages = {4},
 url = {http://doi.acm.org/10.1145/2525314.2525443},
 doi = {10.1145/2525314.2525443},
 acmid = {2525443},
 publisher = {ACM},
 address = {New York, NY, USA},
 keywords = {GPS trajectories, integrality conditions, linear programming, pathlet learning, pathlet planning},
}

@inproceedings{Gudmundsson2006,
 author = {Gudmundsson, Joachim and van Kreveld, Marc},
 title = {Computing Longest Duration Flocks in Trajectory Data},
 booktitle = {Proceedings of the 14th Annual ACM International Symposium on Advances in Geographic Information Systems},
 series = {GIS '06},
 year = {2006},
 isbn = {1-59593-529-0},
 location = {Arlington, Virginia, USA},
 pages = {35--42},
 numpages = {8},
 url = {http://doi.acm.org/10.1145/1183471.1183479},
 doi = {10.1145/1183471.1183479},
 acmid = {1183479},
 publisher = {ACM},
 address = {New York, NY, USA},
 keywords = {approximation algorithms, geometric algorithms, moving objects, spatio-temporal patterns},
} 

@inproceedings{sung12,
  added-at = {2013-01-04T00:00:00.000+0100},
  author = {Sung, Cynthia and Feldman, Dan and Rus, Daniela},
  biburl = {http://www.bibsonomy.org/bibtex/26621bc500c106d1ef406282b8f862b52/dblp},
  booktitle = {IROS},
  ee = {http://dx.doi.org/10.1109/IROS.2012.6386017},
  interhash = {b2dab1d7c7ced7e84e661de44d1df4b2},
  intrahash = {6621bc500c106d1ef406282b8f862b52},
  isbn = {978-1-4673-1737-5},
  keywords = {dblp},
  pages = {1547-1552},
  publisher = {IEEE},
  timestamp = {2013-01-04T00:00:00.000+0100},
  title = {Trajectory clustering for motion prediction},
  url = {http://dblp.uni-trier.de/db/conf/iros/iros2012.html#SungFR12},
  year = 2012
}

@INPROCEEDINGS{vlachos02,
    author = {Michail Vlachos and George Kollios and Dimitrios Gunopulos},
    title = {Discovering Similar Multidimensional Trajectories},
    booktitle = {In ICDE},
    year = {2002},
    pages = {673--684}
}

@inproceedings{Chen05,
 author = {Chen, Lei and \"{O}zsu, M. Tamer and Oria, Vincent},
 title = {Robust and Fast Similarity Search for Moving Object Trajectories},
 booktitle = {Proceedings of the 2005 ACM SIGMOD International Conference on Management of Data},
 series = {SIGMOD '05},
 year = {2005},
 isbn = {1-59593-060-4},
 location = {Baltimore, Maryland},
 pages = {491--502},
 numpages = {12},
 url = {http://doi.acm.org/10.1145/1066157.1066213},
 doi = {10.1145/1066157.1066213},
 acmid = {1066213},
 publisher = {ACM},
 address = {New York, NY, USA},
} 

@inproceedings{kalnis05,
 author = {Kalnis, Panos and Mamoulis, Nikos and Bakiras, Spiridon},
 title = {On Discovering Moving Clusters in Spatio-temporal Data},
 booktitle = {Proceedings of the 9th International Conference on Advances in Spatial and Temporal Databases},
 series = {SSTD'05},
 year = {2005},
 isbn = {3-540-28127-4, 978-3-540-28127-6},
 location = {Angra dos Reis, Brazil},
 pages = {364--381},
 numpages = {18},
 url = {http://dx.doi.org/10.1007/11535331_21},
 doi = {10.1007/11535331_21},
 acmid = {2156254},
 publisher = {Springer-Verlag},
 address = {Berlin, Heidelberg},
} 

% MORE
%exact algorithm for partial curve matching via the Fretchet distance
%Geodesic Fretchet distance inside a simple polygon
%On  the fretchet distance of a set of curves
%Discovering relative motion patterns in groups of moving points
%Finding Remo - detecting relative motion patterns in geospatial lifelines